@misc{Highsmith2001,
author = {Highsmith, Jim and Cockburn, Alistair},
booktitle = {Computer},
doi = {10.1109/2.947100},
issn = {00189162},
month = {sep},
number = {9},
pages = {120--122},
title = {{Agile software development: The business of innovation}},
volume = {34},
year = {2001}
}
