@techreport{Martin2000,
author = {Martin, Robert C},
file = {:C\:/Users/Ryan-Syme/AppData/Local/Mendeley Ltd./Mendeley Desktop/Downloaded/Martin - 2000 - Design Principles and Design Patterns.pdf:pdf},
title = {{Design Principles and Design Patterns}},
url = {www.objectmentor.com},
year = {2000}
}
