@article{Halevy2009,
author = {Halevy, Alon and Norvig, Peter and Pereira, Fernando},
doi = {10.1109/MIS.2009.36},
issn = {15411672},
journal = {IEEE Intelligent Systems},
number = {2},
pages = {8--12},
publisher = {Institute of Electrical and Electronics Engineers Inc.},
title = {{The unreasonable effectiveness of data}},
volume = {24},
year = {2009}
}
